@misc{bigs1,
  title={Why traditional database systems fail to support ``big data''},
  howpublished={\url{http://marketrealist.com/2014/07/traditional-database-systems-fail-support-big-data/}},
  author={Anne Shields},
  year={2014},
  note={[Online; accessed 24-March-2016]}
}

@misc{ wiki:mapreduce,
  author = "Wikipedia",
  title = "MapReduce --- Wikipedia{,} The Free Encyclopedia",
  year = "2016",
  howpublished = "\url{https://en.wikipedia.org/w/index.php?title=MapReduce&oldid=710717673}",
  note = "[Online; accessed 24-March-2016]"
}

@inproceedings{xie2010improving,
  title={Improving mapreduce performance through data placement in heterogeneous hadoop clusters},
  author={Xie, Jiong and Yin, Shu and Ruan, Xiaojun and Ding, Zhiyang and Tian, Yun and Majors, James and Manzanares, Adam and Qin, Xiao},
  booktitle={Parallel \& Distributed Processing, Workshops and Phd Forum (IPDPSW), 2010 IEEE International Symposium on},
  pages={1--9},
  year={2010},
  organization={IEEE}
}
 
@misc{ wiki:hadoop,
  author = "Wikipedia",
  title = "Apache Hadoop --- Wikipedia{,} The Free Encyclopedia",
  year = "2016",
  howpublished = "\url{https://en.wikipedia.org/w/index.php?title=Apache_Hadoop&oldid=711418541}",
  note = "[Online; accessed 24-March-2016]"
}

@misc{hwiki:hadoop,
  author="Hadoop Wiki",
  title="NameNode --- Hadoop Wiki",
  year="2011",
  howpublished="\url{https://wiki.apache.org/hadoop/NameNode}",
  note="[Online; accessed 24-March-2016]"
}

@misc{mortar,
  title="8 reasons you should be using Apache Pig",
  author="Scott Haylon",
  year="2012",
  howpublished="\url{http://blog.mortardata.com/post/33711299619/8-reasons-you-should-be-using-apache-pig}",
  note="[Online; accessed 24-March-2016]"
}

@article{ullman2012designing,
  title={Designing good mapreduce algorithms},
  author={Ullman, Jeffrey D},
  journal={XRDS: Crossroads, The ACM Magazine for Students},
  volume={19},
  number={1},
  pages={30--34},
  year={2012},
  publisher={ACM}
}

@misc{ wiki:pig,
  author = "Wikipedia",
  title = "Pig (programming tool) --- Wikipedia{,} The Free Encyclopedia",
  year = "2016",
  howpublished = "\url{https://en.wikipedia.org/w/index.php?title=Pig_(programming_tool)&oldid=706350172}",
  note = "[Online; accessed 24-March-2016]"
}

@misc{pig-at-yahoo,
  author="Alan Gates",
  title="Pig and Hive at Yahoo!",
  year="2010",
  howpublished="\url{https://developer.yahoo.com/blogs/hadoop/pig-hive-yahoo-464.html}",
  note="[Online; accessed 24-March-2016]"
}

@misc{ wiki:hive,
  author = "Wikipedia",
  title = "Apache Hive --- Wikipedia{,} The Free Encyclopedia",
  year = "2016",
  howpublished = "\url{https://en.wikipedia.org/w/index.php?title=Apache_Hive&oldid=709752111}",
  note = "[Online; accessed 24-March-2016]"
}

@misc{top-10-hadoop,
  author="Bernard Marr",
  title="10 Top Commercial Hadoop Platforms",
  year="2015",
  howpublished="\url{http://data-informed.com/10-top-commercial-hadoop-platforms/}",
  note="[Online; accessed 24-March-2016]"
}

@inproceedings{kalavri2013mapreduce,
  title={MapReduce: Limitations, optimizations and open issues},
  author={Kalavri, Vasiliki and Vlassov, Vladimir},
  booktitle={Trust, Security and Privacy in Computing and Communications (TrustCom), 2013 12th IEEE International Conference on},
  pages={1031--1038},
  year={2013},
  organization={IEEE}
}

@article{melnik2010dremel,
  title={Dremel: interactive analysis of web-scale datasets},
  author={Melnik, Sergey and Gubarev, Andrey and Long, Jing Jing and Romer, Geoffrey and Shivakumar, Shiva and Tolton, Matt and Vassilakis, Theo},
  journal={Proceedings of the VLDB Endowment},
  volume={3},
  number={1-2},
  pages={330--339},
  year={2010},
  publisher={VLDB Endowment}
}

@misc{intro-to-drill,
  title="An introduction to Apache drill and why is it useful",
  author="Zygimantas Jacikevicius",
  year="2015",
  howpublished="\url{http://www.datasciencecentral.com/profiles/blogs/an-introduction-to-apache-drill-and-why-is-it-useful}",
  note="[Online; accessed 24-March-2016]"
}

@misc{ wiki:drill,
  author = "Wikipedia",
  title = "Apache Drill --- Wikipedia{,} The Free Encyclopedia",
  year = "2016",
  howpublished = "\url{https://en.wikipedia.org/w/index.php?title=Apache_Drill&oldid=710475705}",
  note = "[Online; accessed 24-March-2016]"
}

@inproceedings{xin2013shark,
  title={Shark: SQL and rich analytics at scale},
  author={Xin, Reynold S and Rosen, Josh and Zaharia, Matei and Franklin, Michael J and Shenker, Scott and Stoica, Ion},
  booktitle={Proceedings of the 2013 ACM SIGMOD International Conference on Management of data},
  pages={13--24},
  year={2013},
  organization={ACM}
}

@misc{shark-homepage,
  title="Shark - SQL on Spark",
  author="UC Berkeley",
  howpublished="\url{http://shark.cs.berkeley.edu}",
  note="[Online; accessed 24-March-2016]"
}

@inproceedings{isard2007dryad,
  title={Dryad: distributed data-parallel programs from sequential building blocks},
  author={Isard, Michael and Budiu, Mihai and Yu, Yuan and Birrell, Andrew and Fetterly, Dennis},
  booktitle={ACM SIGOPS Operating Systems Review},
  volume={41},
  pages={59--72},
  year={2007},
  organization={ACM}
}

@misc{ wiki:dryad,
  author = "Wikipedia",
  title = "Dryad (programming) --- Wikipedia{,} The Free Encyclopedia",
  year = "2015",
  howpublished = "\url{https://en.wikipedia.org/w/index.php?title=Dryad_(programming)&oldid=680739024}",
  note = "[Online; accessed 24-March-2016]"
}

@misc{youtube-dryad,
  author="GoogleTechTalks",
  title="Dryad: A general-purpose distributed execution platform",
  year="2007",
  howpublished="\url{https://www.youtube.com/watch?v=WPhE5JCP2Ak}",
  note="[Online; accessed 24-March-2016]"
}

@misc{yu2008dryadlinq,
  author={Yu, Yuan and Isard, Michael and Fetterly, Dennis and Budiu, Mihai and Erlingsson, {\'U}lfar and Gunda, Pradeep Kumar and Currey, Jon},
  title={DryadLINQ: A System for General-Purpose Distributed Data-Parallel Computing Using a High-Level Language},
  year={2008}  
}

@misc{ wiki:spark,
  author = "Wikipedia",
  title = "Apache Spark --- Wikipedia{,} The Free Encyclopedia",
  year = "2016",
  howpublished = "\url{https://en.wikipedia.org/w/index.php?title=Apache_Spark&oldid=711245415}",
  note = "[Online; accessed 24-March-2016]"
}

@misc{faq-drill,
  author="Apache Drill",
  title="Frequently Asked Questions - Apache Drill",
  year="2014",
  howpublished="\url{https://drill.apache.org/fag/}",
  note="[Online; accessed 24-March-2016]"
}

@article{idreos2012monetdb,
  title={MonetDB: Two decades of research in column-oriented database architectures},
  author={Idreos, Stratos and Groffen, Fabian and Nes, Niels and Manegold, Stefan and Mullender, Sjoerd and Kersten, Martin and others},
  journal={Bulletin of the IEEE Computer Society Technical Committee on Data Engineering},
  volume={35},
  number={1},
  pages={40--45},
  year={2012}
}

@article{halim2012stochastic,
  title={Stochastic database cracking: Towards robust adaptive indexing in main-memory column-stores},
  author={Halim, Felix and Idreos, Stratos and Karras, Panagiotis and Yap, Roland HC},
  journal={Proceedings of the VLDB Endowment},
  volume={5},
  number={6},
  pages={502--513},
  year={2012},
  publisher={VLDB Endowment}
}

@misc{ wiki:qlang,
  author = "Wikipedia",
  title = "Q (programming language from Kx Systems) --- Wikipedia{,} The Free Encyclopedia",
  year = "2016",
  howpublished = "\url{https://en.wikipedia.org/w/index.php?title=Q_(programming_language_from_Kx_Systems)&oldid=709634466}",
  note = "[Online; accessed 26-March-2016]"
}

@misc{kdb-faq,
  author="Kx Systems",
  title="kdb+ Frequent Asked Questions (FAQs) | Kx Systems",
  year="2016",
  howpublished="\url{https://kx.com/kdb-plus-faq.php}",
  note="[Online; accessed 26-March-2016]"
}

@misc{kdb-real-time,
  author="Kx Systems",
  title="Real time analytics | Kx capabilities | Kx Systems",
  year="2016",
  howpublished="\url{https://kx.com/real-time-in-memory-analytics.php}",
  note="[Online; accessed 26-March-2016]"
}

@misc{ wiki:saphana,
  author = "Wikipedia",
  title = "SAP HANA --- Wikipedia{,} The Free Encyclopedia",
  year = "2016",
  howpublished = "\url{https://en.wikipedia.org/w/index.php?title=SAP_HANA&oldid=711763451}",
  note = "[Online; accessed 26-March-2016]"
}

@misc{sap-db,
  author="SAP HANA",
  title="Database Services | SAP HANA",
  year="2016",
  howpublished="\url{https://hana.sap.com/capabilities/database.html}",
  note="[Online; accessed 26-March-2016]"
}
